<?xml version="1.0" encoding="UTF-8"?>
<record xmlns="http://www.loc.gov/MARC21/slim" xmlns:xsi="http://www.w3.org/2001/XMLSchema-instance" xsi:schemaLocation="http://www.loc.gov/MARC21/slim http://www.loc.gov/standards/marcxml/schema/MARC21slim.xsd">
<leader>     nam a2200277 i 4500</leader>
<controlfield tag="001">001483299</controlfield>
<controlfield tag="003">NNU</controlfield>
<controlfield tag="005">20061010173016.0</controlfield>
<controlfield tag="008">981215s1946    ua acef       000 0 arard</controlfield>
<datafield tag="010" ind1=" " ind2=" ">
<subfield code="a">ne 63000653</subfield>
</datafield>
<datafield tag="035" ind1="9" ind2=" ">
<subfield code="a">NYUb11936129</subfield>
</datafield>
<datafield tag="035" ind1=" " ind2=" ">
<subfield code="a">(CStRLIN)NYUG98-B3660</subfield>
</datafield>
<datafield tag="040" ind1=" " ind2=" ">
<subfield code="c">MiU</subfield>
<subfield code="d">MiU</subfield>
<subfield code="d">NNU</subfield>
</datafield>
<datafield tag="043" ind1=" " ind2=" ">
<subfield code="a">f-ua---</subfield>
</datafield>
<datafield tag="050" ind1="0" ind2=" ">
<subfield code="a">NA6083.A1</subfield>
<subfield code="b">A2</subfield>
</datafield>
<datafield tag="066" ind1=" " ind2=" ">
<subfield code="c">(3</subfield>
</datafield>
<datafield tag="090" ind1=" " ind2=" ">
<subfield code="a">NA6083.A1</subfield>
<subfield code="b">A2</subfield>
</datafield>
<datafield tag="100" ind1="1" ind2=" ">
<subfield code="a">Ḥusayn, Ḥasan ʻAbd al-Wahhāb</subfield>
<subfield code="6">880-01</subfield>
</datafield>
<datafield tag="245" ind1="1" ind2="0">
<subfield code="6">880-02</subfield>
<subfield code="a">Tārīkh al-masājid al-atharīyah :</subfield>
<subfield code="b">allatī ṣallá fīhā farīḍat al-jumʻah ḥaẓrat ṣaḥib al-jalālah al-Malik al-ṣāliḥ Fārūq al-awwal /</subfield>
<subfield code="c">taʼlīf Ḥasan ʻAbd al-Wahhāb.</subfield>
</datafield>
<datafield tag="260" ind1=" " ind2=" ">
<subfield code="6">880-03</subfield>
<subfield code="a">al-Qāhirah :</subfield>
<subfield code="b">Maṭbaʻat Dār al-Kutub al-Miṣrīyah,</subfield>
<subfield code="c">1946.</subfield>
</datafield>
<datafield tag="300" ind1=" " ind2=" ">
<subfield code="a">2 v. :</subfield>
<subfield code="b">ill., plates, ports., plans. ;</subfield>
<subfield code="c">28 cm.</subfield>
</datafield>
<datafield tag="500" ind1=" " ind2=" ">
<subfield code="a">Vol. 2: al-Ṣuwar.</subfield>
</datafield>
<datafield tag="650" ind1=" " ind2="0">
<subfield code="a">Mosques</subfield>
<subfield code="z">Egypt</subfield>
<subfield code="z">Cairo.</subfield>
</datafield>
<datafield tag="880" ind1="1" ind2=" ">
<subfield code="6">100-01/</subfield>
<subfield code="a">عبد الوهاب، حسن.</subfield>
</datafield>
<datafield tag="880" ind1="1" ind2="0">
<subfield code="6">245-02/</subfield>
<subfield code="a">تاريخ المساجد الأثرية :</subfield>
<subfield code="b">التي صلى فيها فريظة الجمعة حضرة صاحب الجلالة الملك الصالح فاروق الأول /</subfield>
<subfield code="c">تأليف حسن عبد الوهاب.</subfield>
</datafield>
<datafield tag="880" ind1=" " ind2=" ">
<subfield code="6">260-03/</subfield>
<subfield code="a">القاهرة :</subfield>
<subfield code="b">مطبعة دار الكتب المصرية،</subfield>
<subfield code="c">١٩٤٦.</subfield>
</datafield>
<datafield tag="OWN" ind1=" " ind2=" ">
<subfield code="a">GENERAL</subfield>
</datafield>
<datafield tag="998" ind1=" " ind2=" ">
<subfield code="a">19981215</subfield>
<subfield code="d">19981215</subfield>
<subfield code="d">19981215</subfield>
<subfield code="n">NNU</subfield>
<subfield code="s">1</subfield>
<subfield code="t">c</subfield>
<subfield code="z">e</subfield>
</datafield>
<datafield tag="AVA" ind1=" " ind2=" ">
<subfield code="a">NYU50</subfield>
<subfield code="b">BOBST</subfield>
<subfield code="c">Main Collection</subfield>
<subfield code="d">NA6083.A1 A2</subfield>
<subfield code="e">unavailable</subfield>
<subfield code="t">Unavailable</subfield>
<subfield code="f">2</subfield>
<subfield code="g">2</subfield>
<subfield code="h">Y</subfield>
<subfield code="i">0</subfield>
<subfield code="j">MAIN</subfield>
<subfield code="k">0</subfield>
</datafield>
</record>
